
% @article{Adade_etal_2007,
%   title={Ultrastructural localization of \emph{Trypanosoma cruzi} lysosomes by aryl sulphatase cytochemistry},
%   author={Adade, Camila M and de Castro, Solange L and Soares, Maurilio J},
%   journal={Micron},
%   volume={38},
%   number={3},
%   pages={252--256},
%   year={2007},
%   publisher={Elsevier}
% }

% @article{Bayer_etal_2013,
%   title={Proteomic analysis of Trypanosoma cruzi secretome: characterization of two populations of extracellular vesicles and soluble proteins},
%   author={Bayer-Santos, Ethel and Aguilar-Bonavides, Clemente and Rodrigues, Silas Pessini and Cordero, Esteban Maur{\'i}cio and Marques, Alexandre Ferreira and Varela-Ramirez, Armando and Choi, Hyungwon and Yoshida, Nobuko and Da Silveira, Jos{\'e} Franco and Almeida, Igor C},
%   journal={Journal of Proteome Research},
%   volume={12},
%   number={2},
%   pages={883--897},
%   year={2013},
%   publisher={ACS Publications}
% }



@article{1,
             author = {B. Kada and Y. Ghazzawi},
             title     = {Robust PID Controller Design for an UAV Flight Control System},
             % booktitle = {OSDI},
             year      = {2011},
             note        = {\href{https://www.iaeng.org/publication/WCECS2011/WCECS2011_pp945-950.pdf}{Link}},
             % bibsource = {1, http://dblp.uni-trier.de}
             }

@article{2,
             author = {Danilo Saccani and Lorenzo Fagiano},
             title     = {Autonomous UAV Navigation in an Unknown Environment via Multi-Trajectory Model Predictive Control},
             % booktitle = {OSDI},
             year      = {2021},
             note        = {\href{https://ieeexplore.ieee.org/abstract/document/9655166?casa_token=fqCT6XhMoDMAAAAA:rzemYudyC_qVSn1q_lyNK_ykrrl3Dt7vUAqn4Fq9mzi24_znYpNMuWWO55KH0Ekt9Uh4KkmA0OWu}{Link}},
             % bibsource = {2, http://dblp.uni-trier.de}
             }

@article{3,
             author = {Mohammad F Al-Saad and Abdulla Al-Ali and Amr Mohamed and Tamer Khattab and Aiman Erbad},
             title     = {RF based drone detection and identification using deep learning approaches},
             % booktitle = {OSDI},
             year      = {2019},
             note        = {\href{https://www.sciencedirect.com/science/article/pii/S0167739X18330760}{Link}},
             bibsource = {3, https://doi.org/10.1016/j.future.2019.05.007}
             }

@article{4,
             author = {Frederic D. Hoffert},
             title     = {Examining the possibility of using programming language with low-cost drones},
             % booktitle = {OSDI},
             year      = {2017},
             note        = {\href{https://ieeexplore.ieee.org/abstract/document/8167087/authors}{Link}},
             bibsource = {4, https://doi.org/10.1109/COMCOM.2017.8167087}
             }

@article{5,
             author = {Richard Szeliski},
             title     = {Image alignment and stitching: a tutorial},
             % booktitle = {OSDI},
             year      = {2006},
             note        = {\href{http://szeliski.org/papers/Szeliski_ImageAlignmentTutorial_FnT06.pdf}{Link}},
             bibsource = {5, https://doi.org/10.1561/0600000009}
             }

@article{6,
             author = {Matthew Brown and David G. Lowe },
             title     = {Automatic Panoramic Image Stitching using Invariant Features},
             % booktitle = {OSDI},
             year      = {2007},
             note        = {\href{https://link.springer.com/article/10.1007/s11263-006-0002-3}{Link}},
             bibsource = {6, https://doi.org/10.1007/s11263-006-0002-3}
             }

@article{7,
             author = {Ethan Rublee and Vincent Rabaud and Kurt Konolige and Gary Bradski},
             title     = {ORB: An efficient alternative to SIFT or SURF},
             % booktitle = {OSDI},
             year      = {2011},
             note        = {\href{https://ieeexplore.ieee.org/abstract/document/6126544/authors}{Link}},
             bibsource = {7, https://doi.org/10.1109/ICCV.2011.6126544}
             }

@article{8,
             author = {Widodo Budiharto1 and Edy Irwansyah1 and Jarot S. Suroso2 and Andry Chowanda1 and Heri Ngarianto1 and Alexander Agung Santoso Gunawan3},
             title     = {Mapping and 3D modelling using quadrotor drone and GIS software},
             % booktitle = {OSDI},
             year      = {2021},
             note        = {\href{https://journalofbigdata.springeropen.com/articles/10.1186/s40537-021-00436-8}{Link}},
             bibsource = {8, https://doi.org/10.1186/s40537-021-00436-8}
             }

@article{9,
             author = {Bashar Alhafni and Saulo Fernando Guedes and Lays Cavalcante Ribeiro and Juhyun Park and Jeongkyu Lee},
             title     = {Mapping Areas using Computer Vision Algorithms and Drones},
             % booktitle = {OSDI},
             year      = {2016},
             note        = {\href{https://arxiv.org/abs/1901.00211}{Link}},
             bibsource = {9, https://doi.org/10.48550/arXiv.1901.00211}
             }